<record><leader>00000cas a22000007a 4500</leader><controlfield tag="001">18008814</controlfield><controlfield tag="008">880527d19731975wiuwr ne      0    0eng d</controlfield><datafield ind1=" " ind2=" " tag="010"><subfield code="a">sn 88086181 </subfield></datafield><datafield ind1=" " ind2=" " tag="040"><subfield code="a">NPV</subfield><subfield code="b">eng</subfield><subfield code="c">NPV</subfield><subfield code="d">OCLCQ</subfield></datafield><datafield ind1=" " ind2=" " tag="042"><subfield code="a">msc</subfield></datafield><datafield ind1="0" ind2="4" tag="245"><subfield code="a">The Central shopper.</subfield></datafield><datafield ind1="1" ind2="3" tag="246"><subfield code="a">Central shopper, news edition</subfield></datafield><datafield ind1=" " ind2=" " tag="260"><subfield code="a">Roberts, Wis. :</subfield><subfield code="b">S. Brathol and B. Gardner,</subfield><subfield code="c">-1975.</subfield></datafield><datafield ind1=" " ind2=" " tag="300"><subfield code="a">v.</subfield></datafield><datafield ind1=" " ind2=" " tag="310"><subfield code="a">Weekly</subfield></datafield><datafield ind1="0" ind2=" " tag="362"><subfield code="a">-v. 9, no. 12 (Mar. 25, 1975).</subfield></datafield><datafield ind1=" " ind2=" " tag="500"><subfield code="a">"Serving the communities of Roberts and Hammond."</subfield></datafield><datafield ind1=" " ind2=" " tag="588"><subfield code="a">Description based on: Vol. 1, no. 2 (Jan. 11, 1973).</subfield></datafield><datafield ind1=" " ind2=" " tag="752"><subfield code="a">United States</subfield><subfield code="b">Wisconsin</subfield><subfield code="c">St. Croix</subfield><subfield code="d">Roberts.</subfield></datafield><datafield ind1=" " ind2=" " tag="752"><subfield code="a">United States</subfield><subfield code="b">Wisconsin</subfield><subfield code="c">St. Croix</subfield><subfield code="d">Hammond.</subfield></datafield><datafield ind1="0" ind2="0" tag="780"><subfield code="t">Cowles shopper</subfield><subfield code="w">(DLC)sn 88086180</subfield></datafield><datafield ind1="0" ind2="0" tag="785"><subfield code="t">Central St. Croix news</subfield><subfield code="w">(DLC)sn 85040672</subfield></datafield></record>